%% LaTeX2e file `nips_2018.bib'
%% generated by the `filecontents' environment
%% from source `nips_2018' on 2019/03/04.
%%
  @misc{1807.01268,
  Author = {M. Gonzalez-Soto and L. E. Sucar and H. J. Escalante},
  Title = {Playing against Nature: causal discovery for decision making under uncertainty},
  Year = {2018},
  Eprint = {arXiv:1807.01268},
  }
